<?xml version="1.0" encoding="UTF-8"?><collection xmlns="http://www.loc.gov/MARC21/slim"><record><leader>00398nam--2200121-i-4500</leader><controlfield tag="001">000038824</controlfield><controlfield tag="002">20161230</controlfield><controlfield tag="005">20161230201042</controlfield><controlfield tag="008">060222s1000------------r-----000-0-eng-d</controlfield><datafield ind1=" " ind2=" " tag="080"><subfield code="a">621.0375.826</subfield></datafield><datafield ind1=" " ind2=" " tag="245"><subfield code="a">Research and development of high quality laser galss. semiannual technical report. no.2: period ending 30 dec.1968</subfield></datafield><datafield ind1=" " ind2=" " tag="260"><subfield code="a">Southbridge, American Optical Corp., 1970, V + 15p</subfield></datafield><datafield ind1=" " ind2=" " tag="852"><subfield code="a">36283</subfield></datafield></record></collection>